@article{dataparallel,
  title={Data Parallel Algorithms},
  author={W. Daniel Hillis and Guy L. Steele Jr.},
  journal={Communications of the ACM},
  volume={29},
  number={12},
  pages={},
  year={1986},
  publisher={ACM}
}

@article{state,
  title={State-of-the-art in heterogeneous computing},
  author={Andre R. Brodtkorb, Christopher Dyken, Trond R. Hagen, Jon M. Hjelmervik and Olaf O. Storaasli},
  journal={Scientific Programming },
  volume={18},
  number={},
  pages={1-33	},
  year={2010},
  publisher={}
}

@article{moorelaw,
  title={Cramming more components onto integrated circuits},
  author={Gordon Moore},
  journal={Electronics Magazine},
  volume={},
  number={},
  pages={},
  year={1965},
  publisher={}
}

@article{themachine,
  title={The Connection Machine},
  author={William Daniel Hillis},
  journal={Department of
  Electrical Engineering and Computer Science, Massachusetts Institute of Technology},
  number={},
  pages={},
  publisher={},
  year={1985}
}

@article{ScanAsPrimitive,
  title={Scans as Primitive Parallel Operations},
  author={Guy E. Blelloch},
  journal={IEEE Transactions On Computers.},
  volume={38},
  number={11},
  pages={},
  year={1989},
  publisher={IEEE}
}

@inproceedings{Crow:1984:STT:800031.808600,
 author = {Crow, Franklin C.},
 title = {Summed-area Tables for Texture Mapping},
 booktitle = {Proceedings of the 11th Annual Conference on Computer Graphics and Interactive Techniques},
 series = {SIGGRAPH '84},
 year = {1984},
 isbn = {0-89791-138-5},
 pages = {207--212},
 numpages = {6},
 url = {http://doi.acm.org/10.1145/800031.808600},
 doi = {10.1145/800031.808600},
 acmid = {808600},
 publisher = {ACM},
 address = {New York, NY, USA},
 keywords = {Antialiasing, Shading algorithms, Table lookup algorithms, texture mapping},
} 


@article{NEEDLEMAN1970443,
title = "A general method applicable to the search for similarities in the amino acid sequence of two proteins",
journal = "Journal of Molecular Biology",
volume = "48",
number = "3",
pages = "443 - 453",
year = "1970",
note = "",
issn = "0022-2836",
doi = "http://dx.doi.org/10.1016/0022-2836(70)90057-4",
author = "Saul B. Needleman and Christian D. Wunsch",
}


@article{ScanOpenCL,
  title={Optimization, Specification and Verification of the
  Prefix Sum Program in an OpenCL Environment},
  author={Thijs Wiefferink},
  journal={Twente Student Conference on IT},
  volume={},
  number={23},
  pages={},
  year={2015},
  publisher={University of Twente, Faculty of Electrical Engineering,
  Mathematics and Computer Science}
}

@article{doi:10,
author = {Cleve Moler and Charles Van Loan},
title = {Nineteen Dubious Ways to Compute the Exponential of a Matrix, Twenty-Five Years Later},
journal = {SIAM Review},
volume = {45},
number = {1},
pages = {3-49},
year = {2003},
}


@inproceedings{Yan:2013,
 author = {Yan, Shengen and Long, Guoping and Zhang, Yunquan},
 title = {StreamScan: Fast Scan Algorithms for GPUs Without Global Barrier Synchronization},
 booktitle = {Proceedings of the 18th ACM SIGPLAN Symposium on Principles and Practice of Parallel Programming},
 year = {2013},
 isbn = {978-1-4503-1922-5},
 location = {Shenzhen, China},
 pages = {229--238},
 address = {New York, NY, USA},
 keywords = {cuda, gpu, opencl, parallel algorithms, prefix-sum, scan},
}

@misc{hc,
  title = {Heterogeneous Computing},
  howpublished = {\url{http://developer.amd.com/resources/heterogeneous-computing/what-is-heterogeneous-computing/}},
  note = {Accessed: 2016-08-12}
}

@misc{eniac,
  title = {ENIAC},
  howpublished = {\url{http://www.columbia.edu/cu/computinghistory/eniac.html}},
  note = {Accessed: 2016-07-30}
}

@misc{processorlimitations,
  title = {Limits for microprocessor},
  howpublished = {\url{http://phys.org/news/2015-08-silicon-limits-power-electronics-
  revolution.html}},
  note = {Accessed: 2016-07-29}
}

@misc{OpenMP,
  title = {What is OpenMP},
  howpublished = {\url{http://www.openmp.org/mp-documents/paper/node3.html}},
  note = {Accessed: 2016-07-28}
}

@article{GPUGems3,
    title={Designing Efficient Parallel Prefix Sum Algorithms for GPUs},
    author={Gabriele Capannini},
    journal={ IEEE International Conference on Computer and Information Technology},
    volume={},
    number={11},
    pages={},
    year={2011},
    publisher={IEEE}
}

@INPROCEEDINGS{Capannini:2011,
author={G. Capannini},
booktitle={2011 IEEE 11th International Conference on Computer and Information Technology},
title={Designing Efficient Parallel Prefix Sum Algorithms for GPUs},
year={2011},
pages={189-196},
keywords={computer graphic equipment;coprocessors;parallel algorithms;GPU;graphics processors;parallel algorithms;parallel computation theory;parallel prefix sum algorithms;Algorithm design and analysis;Arrays;Complexity theory;Computational modeling;Graphics processing unit;Memory management;parallel algorithms;performance},
doi={10.1109/CIT.2011.11},
month={Aug},}

@article{Sengupta2007,
    title={Scan primitives for GPU computing},
    author={S. Sengupta, M. Harris, Y. Zhang, and J. D. Owens},
    journal={In Graphics Hardware 2007},
    number={10},
    pages={97--106},
    year={2007},
    publisher={ACM}
}

@incollection{GPUGems2,
	Author = {Daniel Horn},
	Booktitle = {GPU Gems 2},
	Chapter = {36},
	Editor = {M Pharr},
	Pages = {573-589},
	Publisher = {Addison-Wesley},
	Title = {Stream Reduction Operations for GPGPU Applications},
	Year = {2005},
	Bdsk-Url-1 = {http://http.developer.nvidia.com/GPUGems2/gpugems2_chapter36.html}}

@inproceedings{Sengupta:2007,
 author = {Sengupta, Shubhabrata and Harris, Mark and Zhang, Yao and Owens, John D.},
 title = {Scan Primitives for GPU Computing},
 booktitle = {Proceedings of the 22Nd ACM SIGGRAPH/EUROGRAPHICS Symposium on Graphics Hardware},
 series = {GH '07},
 year = {2007},
 isbn = {978-1-59593-625-7},
 location = {San Diego, California},
 pages = {97--106},
 numpages = {10},
 url = {http://dl.acm.org/citation.cfm?id=1280094.1280110},
 acmid = {1280110},
 publisher = {Eurographics Association},
 address = {Aire-la-Ville, Switzerland, Switzerland},
}

@book{Nathan:2011,
 editor = {Hwu, Wen-mei W.},
 title = {GPU Computing Gems Jade Edition},
 year = {2011},
 isbn = {9780123859631, 9780123859648},
 edition = {1st},
 publisher = {Morgan Kaufmann Publishers Inc.},
 address = {San Francisco, CA, USA},
} 

@techreport{Sengupta:2008,
  title = {Efficient Parallel Scan Algorithms for GPUs},
  author = {Shubhabrata Sengupta and Mark Harris and Michael
                  Garland},
  number = {NVR-2008-003},
  institution = {NVIDIA Corporation},
  year = 2008,
  month = dec,
  url = {http://mgarland.org/papers.html#segscan-tr}
}

@INPROCEEDINGS{Trancoso2005,
author={P. Trancoso and M. Charalambous},
booktitle={8th Euromicro Conference on Digital System Design (DSD'05)},
title={Exploring graphics processor performance for general purpose applications},
year={2005},
volume={},
number={},
pages={306-313},
keywords={computer graphic equipment;floating-point operations;general purpose applications;graphics card;graphics processor performance exploration;high-end CPU;high-performance computing;mid-class GPU;two-dimensional arrays;Application software;Central Processing Unit;Computer architecture;Computer graphics;Computer science;Costs;Energy consumption;Process design;Sparse matrices;Supercomputers},
doi={10.1109/DSD.2005.40},
ISSN={},
month={Aug},}

@ARTICLE{Owens2008, 
author={J. D. Owens and M. Houston and D. Luebke and S. Green and J. E. Stone and J. C. Phillips}, 
journal={Proceedings of the IEEE}, 
title={GPU Computing}, 
year={2008}, 
volume={96}, 
number={5}, 
pages={879-899}, 
keywords={computer graphic equipment;microcomputers;parallel programming;GPU computing;computational biophysics;game physics;general-purpose computing;graphics engine;graphics processing unit;high-performance computer system;memory bandwidth;microprocessor;parallel computing;parallel programmable processor;peak arithmetic;programming model;Arithmetic;Bandwidth;Central Processing Unit;Computational biophysics;Engines;Graphics;Hardware;Microprocessors;Performance gain;Physics computing;GPU computing;General-purpose computing on the graphics processing unit (GPGPU);parallel computing}, 
doi={10.1109/JPROC.2008.917757}, 
ISSN={0018-9219}, 
month={May},}

@article{harris2007parallel,
  title={Parallel prefix sum (scan) with CUDA},
  author={Harris, Mark and Sengupta, Shubhabrata and Owens, John D},
  journal={GPU Gems},
  volume={3},
  number={39},
  pages={851--876},
  year={2007}
}

@incollection{Horn,
	author = {Daniel Horn},
	title = {Stream Reduction Operations for GPGPU Applications},
	booktitle = {GPU Gems 2},
	editor = {Matt Pharr},
	publisher = {Addison-Wesley},
	year = {2005},
	pages = {573--589}
}

@inproceedings{smith2000overcoming,
  title={Overcoming the challenges to feedback-directed optimization (Keynote Talk)},
  author={Smith, Michael D},
  booktitle={ACM SIGPLAN Notices},
  volume={35},
  number={7},
  pages={1--11},
  year={2000},
  organization={ACM}
}

@article{gpumicroarchitectureManuel,
  title={GPGPU2: Advanced Methods for Computing with CUDA},
  author={Manuel Ujaldon},
  year={2014}
}

@article{gputechnologyconferencePaulius,
  title={GPU Performance Analysis and Optimization},
  author={Paulius Micikevicius},
  year={2014},
  publisher={GPU Technology Conference}
}

@inproceedings{automaticDataPlacement,
  title={Automatic data placement into GPU on-chip memory resources},
  author={Li, Chao and Yang, Yi and Lin, Zhen and Zhou, Huiyang},
  booktitle={Code Generation and Optimization (CGO), 2015 IEEE/ACM International Symposium on},
  pages={23--33},
  year={2015},
  organization={IEEE}
}

@inproceedings{wen2015exploring,
  title={Exploring shared memory and cache to improve GPU performance and energy efficiency},
  author={Wen, Hao and Zhang, Wei},
  booktitle={Quality Electronic Design (ISQED), 2015 16th International Symposium on},
  pages={402--405},
  year={2015},
  organization={IEEE}
}

@article{silva2015pso,
  title={PSO Efficient Implementation on GPUs Using Low Latency Memory},
  author={Silva, Eric HM and Bastos Filho, Carmelo JA},
  journal={Latin America Transactions, IEEE (Revista IEEE America Latina)},
  volume={13},
  number={5},
  pages={1619--1624},
  year={2015},
  publisher={IEEE}
}

@book{kirk2013programming,
    author    = "KIRK, David B.; HWU, Wen-mei W.",
    title     = "Programming Massively Parallel Processors. A Hands-on Approach",
    publisher = "Published by Elsevier Inc",
    year      = "2013",

}

@book{AulerLLVMBook,
 author = {Lopes, Bruno Cardoso and Auler, Rafael},
 title = {Getting Started with LLVM Core Libraries},
 year = {2014},
 isbn = {1782166920, 9781782166924},
 publisher = {Packt Publishing},
} 

@book{fibonacci,
 author = {Robert C Johnson},
 title = {Fibonacci numbers and matrices},
 year = {2009},
 address = {Durham City, DH1 3LE, UK},
 publisher = {y Maths Dept, Durham University},
} 

@book{minimum,
 author = {C. Berge and A. Ghouila-Houri},
 title = {Programming, Games, and Transportation Networks},
 year = {1965},
 publisher = {John Wiley, New York},
} 

@article{Ofman:1962,
	author = {Ofman, Yu},
	year = {1962},
	month = {12},
	pages = {589},
	title = {On the Algorithmic Complexity of Discrete Functions},
	volume = {7},
	booktitle = {Soviet Physics Doklady}
}

@ARTICLE{Stone:1971, 
	author={H. S. Stone}, 
	journal={IEEE Transactions on Computers}, 
	title={Parallel Processing with the Perfect Shuffle}, 
	year={1971}, 
	volume={C-20}, 
	number={2}, 
	pages={153-161}, 
	keywords={Data paths, fast Fourier transform, interconnection patterns, matrix transposition, parallel processing, perfect shuffle, polynomial evaluation, sorting.;Data paths, fast Fourier transform, interconnection patterns, matrix transposition, parallel processing, perfect shuffle, polynomial evaluation, sorting.}, 
	doi={10.1109/T-C.1971.223205}, 
ISSN={0018-9340}, 
month={Feb},
}

@article{Brent:1981,
 author = {Brent, R. P. and Kung, H. T.},
 title = {The Area-Time Complexity of Binary Multiplication},
 journal = {J. ACM},
 issue_date = {July 1981},
 volume = {28},
 number = {3},
 month = jul,
 year = {1981},
 issn = {0004-5411},
 pages = {521--534},
 numpages = {14},
 url = {http://doi.acm.org/10.1145/322261.322269},
 doi = {10.1145/322261.322269},
 acmid = {322269},
 publisher = {ACM},
 address = {New York, NY, USA},
} 

@article{Ladner:1980,
 author = {Ladner, Richard E. and Fischer, Michael J.},
 title = {Parallel Prefix Computation},
 journal = {J. ACM},
 issue_date = {Oct. 1980},
 volume = {27},
 number = {4},
 month = oct,
 year = {1980},
 issn = {0004-5411},
 pages = {831--838},
 numpages = {8},
 url = {http://doi.acm.org/10.1145/322217.322232},
 doi = {10.1145/322217.322232},
 acmid = {322232},
 publisher = {ACM},
 address = {New York, NY, USA},
} 


@article{NvidiaGuide2018,
author = {, Nvidia},
year = {2018},
month = {01},
pages = {},
title = {CUDA C PROGRAMMING GUIDE},
booktitle = {Compare A Journal Of Comparative Education}
}

@misc{libtoolingClang,
  title = {{Clang} LibTooling},
  howpublished = {\url{http://clang.llvm.org/docs/Tooling.html}},
  note = {Accessed: 2016-01-20}
}

@misc{nvidia2015guide,
  title = {NVIDIA: CUDA C Programming Guide},
  howpublished = {\url{http://docs.nvidia.com/cuda/pdf/CUDA_C_Programming_Guide.pdf}},
  note = {Accessed: 2016-01-20}
}

@misc{nvidia2015best,
  title = {NVIDIA: CUDA C BEST PRACTICES GUIDE},
  howpublished = {\url{http://docs.nvidia.com/cuda/pdf/CUDA_C_Best_Practices_Guide.pdf}},
  note = {Accessed: 2016-01-20}
}


@inproceedings{juega2014adaptive,
  title={Adaptive Mapping and Parameter Selection Scheme to Improve Automatic Code Generation for GPUs},
  author={Juega, Juan Carlos and G{\'o}mez, Jos{\'e} Ignacio and Tenllado, Christian and Catthoor, Francky},
  booktitle={Proceedings of Annual IEEE/ACM International Symposium on Code Generation and Optimization},
  pages={251},
  year={2014},
  organization={ACM}
}

@inproceedings{baskaran2008automatic,
  title={Automatic data movement and computation mapping for multi-level parallel architectures with explicitly managed memories},
  author={Baskaran, Muthu Manikandan and Bondhugula, Uday and Krishnamoorthy, Sriram and Ramanujam, Jagannathan and Rountev, Atanas and Sadayappan, Ponnuswamy},
  booktitle={Proceedings of the 13th ACM SIGPLAN Symposium on Principles and practice of parallel programming},
  pages={1--10},
  year={2008},
  organization={ACM}
}

@inproceedings{MPereira2017,
author={Marcio M. Pereira, Rafael C. F. Souza and Guido Araujo},
booktitle={13th International Workshop on OpenMP (IWOMP 2017)},
title={Compiling and Optimizing OpenMP 4.X Programs to OpenCL and SPIR},
year={2017},
month={Sept 21-22}
}

@misc{trust,
title = {Thrust C++ template library for CUDA},
howpublished = {\url{http://docs.nvidia.com/cuda/thrust/#axzz4imZJuJ1f}},
note = {Accessed: 2017-03-01}
}

@misc{spir,
title = {SPIR: An OpenCL Standard Portable Intermediate Language
  for  parallel  compute and  graphics},
howpublished = {\url{https://www.khronos.org/spir}},
organization = {Khronos Group.}
}

@misc{CUDPP,
title = {CUDPP: CUDA Data-Parallel Primitives Library},
howpublished = {\url{http://cudpp.github.io/}},
organization = {UC Davis and NVIDIA}
}

@misc{opencl,
title = {OpenCL:  The Open  Standard for  Parallel Programming
  Language  of  heterogeneous  Systems},
howpublished = {\url{http://www.khronos.org/opencl}},
organization = {Khronos Group.}
}

@techreport{BlellochTR90,
author={Guy E. Blelloch},
title={Prefix Sums and Their Applications},
institution={School of Computer Science, Carnegie Mellon University},
number={CMU-CS-90-190},
month={nov},
year={1990},
}

@ARTICLE{926166, 
author={C. Z. Xu and V. Chaudhary}, 
journal={IEEE Transactions on Parallel and Distributed Systems}, 
title={Time stamp algorithms for runtime parallelization of DOACROSS loops with dynamic dependences}, 
year={2001}, 
volume={12}, 
number={5}, 
pages={433-450}, 
keywords={computational complexity;parallelising compilers;DOACROSS loops;Gaussian elimination loop;INSPECTOR/EXECUTOR scheme;dynamic dependence;fine-grained memory reference;fully concurrent reads;inspector-executor;iteration workloads;parallelism;parallelizing compiler;runtime parallelization;runtime support;time stamp algorithm;Algorithm design and analysis;Computational fluid dynamics;Computational modeling;Computer Society;Fluid dynamics;Parallel processing;Performance analysis;Runtime;Sequential analysis;Sparse matrices}, 
doi={10.1109/71.926166}, 
ISSN={1045-9219}, 
month={May},}

@INPROCEEDINGS{344315, 
author={Ding-Kai Chen and J. Torrellas and Pen-Chung Yew}, 
booktitle={Proceedings of Supercomputing '94}, 
title={An efficient algorithm for the run-time parallelization of DOACROSS loops}, 
year={1994}, 
pages={518-527}, 
keywords={automatic programming;parallel algorithms;parallel programming;shared memory systems;32-processor Cedar shared memory multiprocessor;DOACROSS loops;architectural support;automatic parallelization;compile time analysis;data dependences;dependent iterations;loop invocations;multiprocessor;parameterized loops;processor communication;run time analysis;run-time parallelization;serial code;subscripted subscripts;Computer graphics;Concurrent computing;Data analysis;NASA;Parallel processing;Performance analysis;Research and development;Runtime;Silicon;US Department of Energy}, 
doi={10.1109/SUPERC.1994.344315}, 
month={Nov},}

@article{Lamport:1974,
 author = {Lamport, Leslie},
 title = {The Parallel Execution of DO Loops},
 journal = {Commun. ACM},
 issue_date = {Feb. 1974},
 volume = {17},
 number = {2},
 month = feb,
 year = {1974},
 issn = {0001-0782},
 pages = {83--93},
 numpages = {11},
 url = {http://doi.acm.org/10.1145/360827.360844},
 doi = {10.1145/360827.360844},
 acmid = {360844},
 publisher = {ACM},
 address = {New York, NY, USA},
 keywords = {array computers, loops, multiprocessor computers, parallel computing, vector computers},
} 

@inproceedings{doacross,
 author = {Cytron, R},
 title = {Doacross: Beyond vectorization for multiprocessors.},
 year = {1986},
 pages = {836--844},
 booktitle = {Proceedings of the 1986 International Conference for Parallel Processing},
} 

@inproceedings{Rangan:2004,
 author = {Rangan, Ram and Vachharajani, Neil and Vachharajani, Manish and August, David I.},
 title = {Decoupled Software Pipelining with the Synchronization Array},
 booktitle = {Proceedings of the 13th International Conference on Parallel Architectures and Compilation Techniques},
 series = {PACT '04},
 year = {2004},
 isbn = {0-7695-2229-7},
 pages = {177--188},
 numpages = {12},
 publisher = {IEEE Computer Society},
 address = {Washington, DC, USA},
} 
@inproceedings{Cesar:2015,
 author = {Divino César Lucas, Guido Araujo},
 title = {The Batched DOACROSS loop parallelization algorithm},
 year = {2015},
 booktitle = {In 13th International Conference on High Performance Computing and Simulation (HPCS)},
 publisher = {IEEE},
 address = {Amsterdam, Netherlands},
} 

@inproceedings{flowgraph,
 author = {Frances E. Allen},
 title = {Control flow analysis},
 booktitle = {Proceedings of a symposium on Compiler optimization},
 volume={5},
 number={17},
 year = {1970},
 pages = {1--19},
 numpages = {20},
 acmid = {2442539},
 publisher = {ACM},
 address = {New York, NY, USA},
} 

@inproceedings{tree-based,
 author = {Allan L. Fisher, Anwar M. Ghuloum},
 title = {Parallelizing complex scans and reductions},
 booktitle = {Programming language design and implementation},
 year = {1994},
 volume={29},
 number={6},
 pages = {135--146},
 location = {Orlando, Florida, USA},
 numpages = {12},
 publisher = {ACM},
 address = {New York, NY, USA},
} 

@inproceedings{butterfly-based,
 author = {G. Iannello},
 title = {Efficient algorithms for the reduce-scatter operation in LogGP},
 booktitle = {IEEE Transactions on Parallel and Distributed Systems},
 year = {1997},
 volume={8},
 number={9},
 pages = {970--982},
 numpages = {13},
 publisher = {IEEE},
} 

@inproceedings{Verdoolaege:2010:IIS:1888390.1888455,
 author = {Verdoolaege, Sven},
 title = {Isl: An Integer Set Library for the Polyhedral Model},
 booktitle = {Proceedings of the Third International Congress Conference on Mathematical Software},
 series = {ICMS'10},
 year = {2010},
 isbn = {3-642-15581-2, 978-3-642-15581-9},
 location = {Kobe, Japan},
 pages = {299--302},
 numpages = {4},
 url = {http://dl.acm.org/citation.cfm?id=1888390.1888455},
 acmid = {1888455},
 publisher = {Springer-Verlag},
 address = {Berlin, Heidelberg},
} 

@inproceedings{Bastoul:2004:CGP:1025127.1025992,
 author = {Bastoul, Cedric},
 title = {Code Generation in the Polyhedral Model Is Easier Than You Think},
 booktitle = {Proceedings of the 13th International Conference on Parallel Architectures and Compilation Techniques},
 series = {PACT '04},
 year = {2004},
 isbn = {0-7695-2229-7},
 pages = {7--16},
 numpages = {10},
 url = {https://doi.org/10.1109/PACT.2004.11},
 doi = {10.1109/PACT.2004.11},
 acmid = {1025992},
 publisher = {IEEE Computer Society},
 address = {Washington, DC, USA},
} 

@book{Kirk:2012,
 author = {Kirk, David B. and Hwu, Wen-mei W.},
 title = {Programming Massively Parallel Processors: A Hands-on Approach},
 year = {2013},
 isbn = {9780123914187},
 edition = {2},
 publisher = {Morgan Kaufmann Publishers Inc.},
 address = {San Francisco, CA, USA},
} 


@Inbook{Liao2013,
author="Liao, Chunhua
and Yan, Yonghong
and de Supinski, Bronis R.
and Quinlan, Daniel J.
and Chapman, Barbara",
editor="Rendell, Alistair P.
and Chapman, Barbara M.
and M{\"u}ller, Matthias S.",
title="Early Experiences with the OpenMP Accelerator Model",
bookTitle="OpenMP in the Era of Low Power Devices and Accelerators: 9th International Workshop on OpenMP, IWOMP 2013, Canberra, ACT, Australia, September 16-18, 2013. Proceedings",
year="2013",
publisher="Springer Berlin Heidelberg",
address="Berlin, Heidelberg",
pages="84--98",
isbn="978-3-642-40698-0",
doi="10.1007/978-3-642-40698-0_7",
url="http://dx.doi.org/10.1007/978-3-642-40698-0_7"
}

@INPROCEEDINGS{7237079, 
author={D. C. S. Lucas and G. Araujo}, 
booktitle={2015 International Conference on High Performance Computing Simulation (HPCS)}, 
title={The Batched DOACROSS loop parallelization algorithm}, 
year={2015}, 
pages={476-483}, 
keywords={iterative methods;microprocessor chips;multiprocessing systems;parallel architectures;synchronisation;ARM A9 MPCore;BDX;DOACROSS synchronization overheads;DSWP;Intel Ivy Bridge;batched DOACROSS loop parallelization algorithm;computer architectures;iterations;loop-carried dependencies;parallelizing loops;synchronization costs;synchronization-data communication;Algorithm design and analysis;Computer architecture;Instruction sets;Parallel processing;Synchronization;Fine-grain Parallelism;Loop Parallelization Algorithm;Multicore Processors}, 
doi={10.1109/HPCSim.2015.7237079}, 
month={July},}


